<record xmlns="http://www.openarchives.org/OAI/2.0/" xmlns:xsi="http://www.w3.org/2001/XMLSchema-instance">
      <header>
        <identifier>oai:alma.41SLSP_NETWORK:991171026281605501</identifier>
        <datestamp>2024-04-02T12:42:19Z</datestamp>
        <setSpec>slsp_nz</setSpec>
        <setSpec>oai_isbn</setSpec>
        <setSpec>oai_rnv</setSpec>
        <setSpec>slsp_nz_exl</setSpec>
        <setSpec>slsp_mongodb</setSpec>
      </header>
      <metadata>
        <record xmlns="http://www.loc.gov/MARC21/slim" xmlns:xsi="http://www.w3.org/2001/XMLSchema-instance" xsi:schemaLocation="http://www.loc.gov/MARC21/slim http://www.loc.gov/standards/marcxml/schema/MARC21slim.xsd">
          <leader>02339nam a2200457   4500</leader>
          <controlfield tag="005">20230418084517.0</controlfield>
          <controlfield tag="007">tu</controlfield>
          <controlfield tag="008">220627s2023    xxu|||||      00| ||eng c</controlfield>
          <controlfield tag="001">991171026281605501</controlfield>
          <datafield tag="010" ind1=" " ind2=" ">
            <subfield code="a">  2022022966</subfield>
          </datafield>
          <datafield tag="020" ind1=" " ind2=" ">
            <subfield code="a">9780367893767</subfield>
            <subfield code="q">hardback</subfield>
          </datafield>
          <datafield tag="020" ind1=" " ind2=" ">
            <subfield code="a">9781032372938</subfield>
            <subfield code="q">paperback</subfield>
          </datafield>
          <datafield tag="035" ind1=" " ind2=" ">
            <subfield code="a">(DE-627)1807949605</subfield>
          </datafield>
          <datafield tag="040" ind1=" " ind2=" ">
            <subfield code="a">DE-627</subfield>
            <subfield code="b">ger</subfield>
            <subfield code="c">DE-627</subfield>
            <subfield code="e">rda</subfield>
            <subfield code="d">CH-ZuSLS UBS A100</subfield>
          </datafield>
          <datafield tag="044" ind1=" " ind2=" ">
            <subfield code="c">XD-US</subfield>
          </datafield>
          <datafield tag="050" ind1=" " ind2="0">
            <subfield code="a">P118.2</subfield>
          </datafield>
          <datafield tag="082" ind1="0" ind2=" ">
            <subfield code="a">401/.93019</subfield>
            <subfield code="q">LOC</subfield>
          </datafield>
          <datafield tag="082B" ind1="7" ind2="4">
            <subfield code="a">370</subfield>
            <subfield code="2">23sdnb</subfield>
          </datafield>
          <datafield tag="082" ind1="7" ind2="4">
            <subfield code="$">420</subfield>
            <subfield code="2">23sdnb</subfield>
          </datafield>
          <datafield tag="082" ind1="BAD" ind2="4">
            <subfield code="a">400</subfield>
            <subfield code="2">23sdnb</subfield>
          </datafield>
          <datafield tag="245" ind1="0" ind2="0">
            <subfield code="a">&lt;&lt;The&gt;&gt; &#233; Routledge &#65533; handbook of second language acquisition and psycholinguistics</subfield>
            <subfield code="c">edited by Aline Godfroid and Holger Hopp</subfield>
          </datafield>
          <datafield tag="264" ind1=" " ind2="1">
            <subfield code="a">New York</subfield>
            <subfield code="a">London</subfield>
            <subfield code="b">Routledge</subfield>
            <subfield code="c">2023</subfield>
          </datafield>
          <datafield tag="300" ind1=" " ind2=" ">
            <subfield code="a">xvi, 462 Seiten</subfield>
          </datafield>
          <datafield tag="336" ind1=" " ind2=" ">
            <subfield code="b">txt</subfield>
            <subfield code="2">rdacontent</subfield>
          </datafield>
          <datafield tag="337" ind1=" " ind2=" ">
            <subfield code="b">n</subfield>
            <subfield code="2">rdamedia</subfield>
          </datafield>
          <datafield tag="338" ind1=" " ind2=" ">
            <subfield code="b">nc</subfield>
            <subfield code="2">rdacarrier</subfield>
          </datafield>
          <datafield tag="490" ind1="0" ind2=" ">
            <subfield code="a">Routledge handbooks in second language acquisition</subfield>
          </datafield>
          <datafield tag="500" ind1=" " ind2=" ">
            <subfield code="a">Includes bibliographical references and index</subfield>
          </datafield>
          <datafield tag="520" ind1=" " ind2=" ">
            <subfield code="a">"The Routledge Handbook of Second Language Acquisition and Psycholinguistics provides a comprehensive survey of the latest research at the intersection of linguistics, cognitive psychology, and applied linguistics, for those seeking to understand the mental architecture and processes that shape the acquisition of additional languages. The handbook represents the full complexity of second language acquisition across the lifespan, spanning childhood bilinguals and adult L2 learners, and is inclusive of heritage languages, early bilingualism and multilingualism, and language attrition"--</subfield>
          </datafield>
          <datafield tag="650" ind1=" " ind2="7">
            <subfield code="a">Fremdsprachenlernen</subfield>
            <subfield code="2">gnd</subfield>
            <subfield code="0">(DE-588)4071461-5</subfield>
          </datafield>
          <datafield tag="650" ind1=" " ind2="7">
            <subfield code="a">Psycholinguistik</subfield>
            <subfield code="2">gnd</subfield>
            <subfield code="0">(DE-588)4127537-8</subfield>
          </datafield>
          <datafield tag="650" ind1=" " ind2="0">
            <subfield code="a">Second language acquisition</subfield>
            <subfield code="x">Psychological aspects</subfield>
          </datafield>
          <datafield tag="650" ind1=" " ind2="0">
            <subfield code="a">Psycholinguistics</subfield>
          </datafield>
          <datafield tag="650" ind1=" " ind2="4">
            <subfield code="a">Essays</subfield>
          </datafield>
          <datafield tag="700" ind1="1" ind2=" ">
            <subfield code="a">Godfroid, Aline</subfield>
            <subfield code="4">edt</subfield>
            <subfield code="0">(DE-588)1208311212</subfield>
          </datafield>
          <datafield tag="700" ind1="1" ind2=" ">
            <subfield code="a">Hopp, Holger</subfield>
            <subfield code="d">1975-</subfield>
            <subfield code="4">edt</subfield>
            <subfield code="0">(DE-588)1045158836</subfield>
          </datafield>
          <datafield tag="776" ind1="0" ind2="8">
            <subfield code="i">Erscheint auch als</subfield>
            <subfield code="n">Online-Ausgabe</subfield>
            <subfield code="t">Routledge handbook of second language acquisition and psycholinguistics</subfield>
            <subfield code="z">9781003018872</subfield>
          </datafield>
          <datafield tag="856" ind1="4" ind2="2">
            <subfield code="3">Inhaltsverzeichnis</subfield>
            <subfield code="q">PDF</subfield>
            <subfield code="u">https://urn.ub.unibe.ch/urn:ch:slsp:9781032372938:ihv:pdf</subfield>
          </datafield>
          <datafield tag="900" ind1=" " ind2=" ">
            <subfield code="a">Stoppsignal FRED</subfield>
            <subfield code="x">UBE/B500/202302</subfield>
          </datafield>
          <datafield tag="900" ind1=" " ind2=" ">
            <subfield code="a">Stoppsignal FRED</subfield>
            <subfield code="x">UBS/A100/202303</subfield>
          </datafield>
          <datafield tag="949" ind1=" " ind2=" ">
            <subfield code="a">https://urn.ub.unibe.ch/urn:ch:slsp:9781032372938:ihv:pdf</subfield>
          </datafield>
          <datafield tag="988" ind1=" " ind2=" ">
            <subfield code="c">System</subfield>
            <subfield code="f">K10plus (ohne Login)</subfield>
            <subfield code="i">marc21</subfield>
            <subfield code="h">20221018142129.0</subfield>
            <subfield code="l">94</subfield>
            <subfield code="k">01</subfield>
            <subfield code="e">false</subfield>
            <subfield code="d">2024-03-23 22:47:03 Europe/Zurich</subfield>
            <subfield code="g">1807949605</subfield>
            <subfield code="j">20</subfield>
            <subfield code="a">sheila.ryser@unibas.ch######41SLSP_UBS</subfield>
            <subfield code="b">2022-10-27 15:02:45 Europe/Zurich</subfield>
          </datafield>
        </record>
      </metadata>
    </record>